<record><leader>00000cas a22000007a 4500</leader><controlfield tag="001">20314149</controlfield><controlfield tag="008">890908d18661867aruwr ne      0    0eng d</controlfield><datafield ind1=" " ind2=" " tag="010"><subfield code="a">sn 89051370 </subfield></datafield><datafield ind1=" " ind2=" " tag="040"><subfield code="a">ANU</subfield><subfield code="b">eng</subfield><subfield code="c">ANU</subfield><subfield code="d">OCLCQ</subfield></datafield><datafield ind1=" " ind2=" " tag="042"><subfield code="a">msc</subfield></datafield><datafield ind1="0" ind2=" " tag="130"><subfield code="a">Des Arc citizen (Des Arc, Ark. : 1866)</subfield></datafield><datafield ind1="1" ind2="0" tag="245"><subfield code="a">Des Arc citizen.</subfield></datafield><datafield ind1=" " ind2=" " tag="260"><subfield code="a">Des Arc, Ark. :</subfield><subfield code="b">Poe &amp; Balding</subfield></datafield><datafield ind1=" " ind2=" " tag="300"><subfield code="a">v.</subfield></datafield><datafield ind1=" " ind2=" " tag="310"><subfield code="a">Weekly</subfield></datafield><datafield ind1="0" ind2=" " tag="362"><subfield code="a">Vol. 1, no. 1 (Feb. 20, 1866)-v. 1, no. 47 (Feb. 2, 1867).</subfield></datafield><datafield ind1=" " ind2=" " tag="752"><subfield code="a">United States</subfield><subfield code="b">Arkansas</subfield><subfield code="c">Prairie</subfield><subfield code="d">Des Arc.</subfield></datafield><datafield ind1="0" ind2="0" tag="785"><subfield code="t">Des Arc weekly citizen (Des Arc, Ark. : 1867)</subfield><subfield code="w">(DLC)sn 84027696</subfield></datafield></record>